Pour author, les noms et prénoms sont séparés par une vigule, et les différents auteurs par AND

@misc
{ref4,
author={Phamerator},
title={Phamerator: a bioinformatic tool for comparative bacteriophage genomics},
note={\url{http://bmcbioinformatics.biomedcentral.com/articles/10.1186/1471-2105-12-395}}
}

@misc
{ref3,
author={Docker},
title={Docker official website},
note={\url{https://www.docker.com/}}
}

@misc
{ref2,
author={Ncbi},
title={A historical overview of bacteriophage therapy as an alternative to antibiotics for the treatment of bacterial pathogens},
note={\url{http://www.ncbi.nlm.nih.gov/pmc/articles/PMC3916379/}}
}

@Article{ref1,
author={YokAi Que - MDPhD AND Prof. Carlos Peña - PhD AND Grégory Resch - PhD},
title={In silico prediction of phagebacteria
infection networks as a tool to implement
personalized phage therapy}
}






